
@misc{briegel_kubernetes_2023,
  title    = {Kubernetes vs. {Docker} {Swarm}},
  url      = {https://www.esono.de/blog/devops/kubernetes-vs-docker-swarm_aid_1117.html},
  language = {dt},
  urldate  = {2025-01-29},
  journal  = {esono Blog},
  author   = {Briegel, Maximilian},
  month    = aug,
  year     = {2023}
}%

@misc{DockerInc,
  title   = {What is Docker?},
  url     = {https://docs.docker.com/get-started/docker-overview/},
  urldate = {2025-01-19},
  author  = {Docker Inc.}
}%

@misc{Docker_Engine_Swarm,
  title   = {Swarm mode},
  url     = {https://docs.docker.com/engine/swarm/},
  urldate = {2025-01-19},
  author  = {Docker Inc.}
}%

@misc{Docker_Engine_Nodes,
  title   = {How nodes work},
  url     = {https://docs.docker.com/engine/swarm/how-swarm-mode-works/nodes/},
  urldate = {2025-01-19},
  author  = {Docker Inc.}
}%

@misc{Docker_Engine_Services,
  title   = {How services work},
  url     = {https://docs.docker.com/engine/swarm/how-swarm-mode-works/services/},
  urldate = {2025-01-19},
  author  = {Docker Inc.}
}%

@misc{Docker_Engine_deploy,
  title   = {Deploy a stack to a swarm},
  url     = {https://docs.docker.com/engine/swarm/stack-deploy/},
  urldate = {2025-01-19},
  author  = {Docker Inc.}
}%

@misc{kumar_working_2019,
  title    = {Working with {Kubernetes} {Namespaces}},
  url      = {https://www.devopsschool.com/blog/working-with-kubernetes-cluster-using-kubectl-part-6-namespaces/},
  language = {eng},
  urldate  = {2025-01-29},
  journal  = {DevOps School},
  author   = {Kumar, Rajesh},
  month    = jul,
  year     = {2019}
}%

@inproceedings{nguyen_distributed_2017,
  address   = {Las Vegas, NV, USA},
  title     = {Distributed {MPI} cluster with {Docker} {Swarm} mode},
  isbn      = {978-1-5090-4228-9},
  url       = {http://ieeexplore.ieee.org/document/7868429/},
  doi       = {10.1109/CCWC.2017.7868429},
  urldate   = {2025-01-19},
  booktitle = {2017 {IEEE} 7th {Annual} {Computing} and {Communication} {Workshop} and {Conference} ({CCWC})},
  publisher = {IEEE},
  author    = {Nguyen, Nikyle and Bein, Doina},
  month     = jan,
  year      = {2017},
  pages     = {1--7}
}%

@inproceedings{quan_connecting_2016,
  address   = {Beijing},
  title     = {Connecting {Framework} of {Smart} {Devices} {Based} on {Linux} {Container} {Technology}},
  isbn      = {978-1-5090-5952-2},
  url       = {http://ieeexplore.ieee.org/document/8281163/},
  doi       = {10.1109/IIKI.2016.63},
  urldate   = {2025-01-19},
  booktitle = {2016 {International} {Conference} on {Identification}, {Information} and {Knowledge} in the {Internet} of {Things} ({IIKI})},
  publisher = {IEEE},
  author    = {Quan, Li and Wang, Zhiliang and Liu, Xin},
  month     = oct,
  year      = {2016},
  pages     = {1--3}
}%

@misc{red_hat_was_2023,
  title    = {Was ist ein {Linux}-{Container}?},
  url      = {https://www.redhat.com/de/topics/containers/whats-a-linux-container},
  language = {german},
  urldate  = {2025-01-19},
  author   = {Red Hat, Inc.},
  month    = mar,
  year     = {2023}
}%

@misc{the_kubernetes_authors_kubernetes_2024,
  title    = {Kubernetes {Documentation}},
  url      = {https://kubernetes.io/docs/home/},
  language = {eng},
  urldate  = {2025-01-19},
  author   = {The Kubernetes Authors},
  month    = apr,
  year     = {2024}
}
